<?xml version="1.0" encoding="UTF-8"?><record xmlns="http://www.loc.gov/MARC21/slim" xmlns:cinclude="http://apache.org/cocoon/include/1.0" xmlns:zs="http://www.loc.gov/zing/srw/">
  <leader>01001cz  a2200217n  4500</leader>
  <controlfield tag="001">n  84721351 </controlfield>
  <controlfield tag="003">DLC</controlfield>
  <controlfield tag="005">19850613130815.2</controlfield>
  <controlfield tag="008">850314n| acaaaaaa|          |a ana |||  </controlfield>
  <datafield tag="010" ind1=" " ind2=" ">
    <subfield code="a">n  84721351 </subfield>
  </datafield>
  <datafield tag="040" ind1=" " ind2=" ">
    <subfield code="a">DLC</subfield>
    <subfield code="c">DLC</subfield>
    <subfield code="d">DLC</subfield>
  </datafield>
  <datafield tag="130" ind1=" " ind2="0">
    <subfield code="a">Kitāb (Maʻhad al-Qawmī lil-Idārah al-ʻUlyā (Egypt). Jamāʻat Khirrījī al-Maʻhad al-Qawmī lil-Idārah al-ʻUlyā)</subfield>
  </datafield>
  <datafield tag="410" ind1="2" ind2="0">
    <subfield code="a">Maʻhad al-Qawmī lil-Idārah al-ʻUlyā (Egypt).</subfield>
    <subfield code="b">Jamāʻat Khirrījī al-Maʻhad al-Qawmī lil-Idārah al-ʻUlyā.</subfield>
    <subfield code="t">Kitāb</subfield>
  </datafield>
  <datafield tag="410" ind1="2" ind2="0">
    <subfield code="w">nnaa</subfield>
    <subfield code="a">Jamāʻat Khirrījī al-Maʻhad al-Qawmī lil-Idārah al-ʻUlyā.</subfield>
    <subfield code="t">Kitāb - Jamāʻat Khirrījī al-Maʻhad al-Qawmī lil-Idārah al-ʻUlyā</subfield>
  </datafield>
  <datafield tag="642" ind1=" " ind2=" ">
    <subfield code="a">15</subfield>
    <subfield code="5">DLC</subfield>
  </datafield>
  <datafield tag="643" ind1=" " ind2=" ">
    <subfield code="a">Cairo</subfield>
    <subfield code="b">Jamāʻat Khirrījī al-Maʻhad al-Qawmī lil-Idārah al-ʻUlyā</subfield>
  </datafield>
  <datafield tag="644" ind1=" " ind2=" ">
    <subfield code="a">f</subfield>
    <subfield code="5">DLC</subfield>
  </datafield>
  <datafield tag="645" ind1=" " ind2=" ">
    <subfield code="a">t</subfield>
    <subfield code="5">DLC</subfield>
  </datafield>
  <datafield tag="646" ind1=" " ind2=" ">
    <subfield code="a">s</subfield>
    <subfield code="5">DLC</subfield>
  </datafield>
  <datafield tag="667" ind1=" " ind2=" ">
    <subfield code="a">Document</subfield>
  </datafield>
  <datafield tag="670" ind1=" " ind2=" ">
    <subfield code="a">Qaḍāyā al-intāj wa-al-intājīyah wa-mushkilāt al-idārah ... 1983:</subfield>
    <subfield code="b">cover</subfield>
  </datafield>
</record>